%YAML 1.1
%TAG !u! tag:unity3d.com,2011:
--- !u!1 &1006793471271877083
GameObject:
  m_ObjectHideFlags: 0
  m_CorrespondingSourceObject: {fileID: 0}
  m_PrefabInstance: {fileID: 0}
  m_PrefabAsset: {fileID: 0}
  serializedVersion: 6
  m_Component:
  - component: {fileID: 1905395937629574577}
  - component: {fileID: 375720187997429975}
  - component: {fileID: 6584910856893459442}
  - component: {fileID: 3936996201942119940}
  m_Layer: 0
  m_Name: Projectile_Enemy_Slime_Boss
  m_TagString: Projectile
  m_Icon: {fileID: 0}
  m_NavMeshLayer: 0
  m_StaticEditorFlags: 0
  m_IsActive: 1
--- !u!4 &1905395937629574577
Transform:
  m_ObjectHideFlags: 0
  m_CorrespondingSourceObject: {fileID: 0}
  m_PrefabInstance: {fileID: 0}
  m_PrefabAsset: {fileID: 0}
  m_GameObject: {fileID: 1006793471271877083}
  m_LocalRotation: {x: 0, y: 0, z: 0, w: 1}
  m_LocalPosition: {x: 0, y: 0, z: 0}
  m_LocalScale: {x: 0.5, y: 0.5, z: 0.5}
  m_Children:
  - {fileID: 6314399067325416933}
  - {fileID: 6282847235516835994}
  m_Father: {fileID: 0}
  m_RootOrder: 0
  m_LocalEulerAnglesHint: {x: 0, y: 0, z: 0}
--- !u!136 &375720187997429975
CapsuleCollider:
  m_ObjectHideFlags: 0
  m_CorrespondingSourceObject: {fileID: 0}
  m_PrefabInstance: {fileID: 0}
  m_PrefabAsset: {fileID: 0}
  m_GameObject: {fileID: 1006793471271877083}
  m_Material: {fileID: 0}
  m_IsTrigger: 1
  m_Enabled: 1
  m_Radius: 0.4
  m_Height: 1.75
  m_Direction: 2
  m_Center: {x: 0, y: 0, z: 0.7}
--- !u!54 &6584910856893459442
Rigidbody:
  m_ObjectHideFlags: 0
  m_CorrespondingSourceObject: {fileID: 0}
  m_PrefabInstance: {fileID: 0}
  m_PrefabAsset: {fileID: 0}
  m_GameObject: {fileID: 1006793471271877083}
  serializedVersion: 2
  m_Mass: 1
  m_Drag: 2
  m_AngularDrag: 0.1
  m_UseGravity: 1
  m_IsKinematic: 0
  m_Interpolate: 0
  m_Constraints: 0
  m_CollisionDetection: 3
--- !u!114 &3936996201942119940
MonoBehaviour:
  m_ObjectHideFlags: 0
  m_CorrespondingSourceObject: {fileID: 0}
  m_PrefabInstance: {fileID: 0}
  m_PrefabAsset: {fileID: 0}
  m_GameObject: {fileID: 1006793471271877083}
  m_Enabled: 1
  m_EditorHideFlags: 0
  m_Script: {fileID: 11500000, guid: 4b1effd08884c6d4ebd32c5d21d8a6bd, type: 3}
  m_Name: 
  m_EditorClassIdentifier: 
  projectileName: 
  uiSprite: {fileID: 0}
  lifeTime: 5
  speed: 10
  damageType: 2
  manualDamageValue: 0
  rbody: {fileID: 6584910856893459442}
  coll: {fileID: 0}
  ignoredTags:
  - Enemy
  - Trigger
  - PostProcess
  - Spawn
  - Special
  - Projectile
  - ProjectileAbility
  hitParicleVFXGround: {fileID: 1620943367487015585, guid: 9393b4de205cd8d4c994736c0bec5caf, type: 3}
  hitParicleVFXObject: {fileID: 6120091118916678416, guid: b611756607bfce745a6835e5ce26562f, type: 3}
  specialVFX: {fileID: 392469793883850317, guid: 92d3e3561b5ad884c9fa1ceae7d670a1, type: 3}
  impactSound: {fileID: 3176198768487738796}
--- !u!1 &5858893024160314312
GameObject:
  m_ObjectHideFlags: 0
  m_CorrespondingSourceObject: {fileID: 0}
  m_PrefabInstance: {fileID: 0}
  m_PrefabAsset: {fileID: 0}
  serializedVersion: 6
  m_Component:
  - component: {fileID: 6282847235516835994}
  m_Layer: 0
  m_Name: Audio
  m_TagString: Untagged
  m_Icon: {fileID: 0}
  m_NavMeshLayer: 0
  m_StaticEditorFlags: 0
  m_IsActive: 1
--- !u!4 &6282847235516835994
Transform:
  m_ObjectHideFlags: 0
  m_CorrespondingSourceObject: {fileID: 0}
  m_PrefabInstance: {fileID: 0}
  m_PrefabAsset: {fileID: 0}
  m_GameObject: {fileID: 5858893024160314312}
  m_LocalRotation: {x: 0, y: 0, z: 0, w: 1}
  m_LocalPosition: {x: 0, y: 0, z: 0}
  m_LocalScale: {x: 1, y: 1, z: 1}
  m_Children:
  - {fileID: 8563540710424574687}
  m_Father: {fileID: 1905395937629574577}
  m_RootOrder: 1
  m_LocalEulerAnglesHint: {x: 0, y: 0, z: 0}
--- !u!1 &8480152082529822893
GameObject:
  m_ObjectHideFlags: 0
  m_CorrespondingSourceObject: {fileID: 0}
  m_PrefabInstance: {fileID: 0}
  m_PrefabAsset: {fileID: 0}
  serializedVersion: 6
  m_Component:
  - component: {fileID: 8563540710424574687}
  - component: {fileID: 1819094878344988013}
  - component: {fileID: 3176198768487738796}
  m_Layer: 0
  m_Name: ImpactAudio
  m_TagString: Untagged
  m_Icon: {fileID: 0}
  m_NavMeshLayer: 0
  m_StaticEditorFlags: 0
  m_IsActive: 1
--- !u!4 &8563540710424574687
Transform:
  m_ObjectHideFlags: 0
  m_CorrespondingSourceObject: {fileID: 0}
  m_PrefabInstance: {fileID: 0}
  m_PrefabAsset: {fileID: 0}
  m_GameObject: {fileID: 8480152082529822893}
  m_LocalRotation: {x: 0, y: 0, z: 0, w: 1}
  m_LocalPosition: {x: 0, y: 0, z: 0}
  m_LocalScale: {x: 1, y: 1, z: 1}
  m_Children: []
  m_Father: {fileID: 6282847235516835994}
  m_RootOrder: 0
  m_LocalEulerAnglesHint: {x: 0, y: 0, z: 0}
--- !u!114 &1819094878344988013
MonoBehaviour:
  m_ObjectHideFlags: 0
  m_CorrespondingSourceObject: {fileID: 0}
  m_PrefabInstance: {fileID: 0}
  m_PrefabAsset: {fileID: 0}
  m_GameObject: {fileID: 8480152082529822893}
  m_Enabled: 1
  m_EditorHideFlags: 0
  m_Script: {fileID: 11500000, guid: 43b420a84ccd58c4688e589451a1213d, type: 3}
  m_Name: 
  m_EditorClassIdentifier: 
  m_listeners:
    initialListenerList: []
    useDefaultListeners: 1
  isEnvironmentAware: 0
  isStaticObject: 0
  m_positionOffsetData:
    KeepMe: 0
    positionOffset: {x: 0, y: 0, z: 0}
  m_posOffsetData: {fileID: 0}
  listenerMask: 1
--- !u!114 &3176198768487738796
MonoBehaviour:
  m_ObjectHideFlags: 0
  m_CorrespondingSourceObject: {fileID: 0}
  m_PrefabInstance: {fileID: 0}
  m_PrefabAsset: {fileID: 0}
  m_GameObject: {fileID: 8480152082529822893}
  m_Enabled: 1
  m_EditorHideFlags: 0
  m_Script: {fileID: 11500000, guid: 54d8d0131ae235f499bd5f05b9b62c9f, type: 3}
  m_Name: 
  m_EditorClassIdentifier: 
  triggerList: 
  useOtherObject: 0
  actionOnEventType: 0
  curveInterpolation: 4
  enableActionOnEvent: 0
  data:
    idInternal: 0
    valueGuidInternal: 
    WwiseObjectReference: {fileID: 11400000, guid: 3eac4b00f862f5c479875d8189474d79, type: 2}
  useCallbacks: 0
  Callbacks: []
  playingId: 0
  soundEmitterObject: {fileID: 0}
  transitionDuration: 0
  eventIdInternal: 0
  valueGuidInternal: 
  m_callbackDataInternal: {fileID: 0}
  MultiPositionType: 1
  multiPositionTypeLabel: 0
  attenuationSphereColor: {r: 1, g: 0, b: 0, a: 0.1}
  LargeModePositions: []
  multiPositionArray: []
--- !u!1001 &5174525529766582771
PrefabInstance:
  m_ObjectHideFlags: 0
  serializedVersion: 2
  m_Modification:
    m_TransformParent: {fileID: 1905395937629574577}
    m_Modifications:
    - target: {fileID: 1184125586940894230, guid: b5c70b4ac48e8704aa021f1f035b4d0d, type: 3}
      propertyPath: m_RootOrder
      value: 0
      objectReference: {fileID: 0}
    - target: {fileID: 1184125586940894230, guid: b5c70b4ac48e8704aa021f1f035b4d0d, type: 3}
      propertyPath: m_LocalPosition.x
      value: 0
      objectReference: {fileID: 0}
    - target: {fileID: 1184125586940894230, guid: b5c70b4ac48e8704aa021f1f035b4d0d, type: 3}
      propertyPath: m_LocalPosition.y
      value: 0
      objectReference: {fileID: 0}
    - target: {fileID: 1184125586940894230, guid: b5c70b4ac48e8704aa021f1f035b4d0d, type: 3}
      propertyPath: m_LocalPosition.z
      value: 0.436
      objectReference: {fileID: 0}
    - target: {fileID: 1184125586940894230, guid: b5c70b4ac48e8704aa021f1f035b4d0d, type: 3}
      propertyPath: m_LocalRotation.w
      value: 1
      objectReference: {fileID: 0}
    - target: {fileID: 1184125586940894230, guid: b5c70b4ac48e8704aa021f1f035b4d0d, type: 3}
      propertyPath: m_LocalRotation.x
      value: 0
      objectReference: {fileID: 0}
    - target: {fileID: 1184125586940894230, guid: b5c70b4ac48e8704aa021f1f035b4d0d, type: 3}
      propertyPath: m_LocalRotation.y
      value: 0
      objectReference: {fileID: 0}
    - target: {fileID: 1184125586940894230, guid: b5c70b4ac48e8704aa021f1f035b4d0d, type: 3}
      propertyPath: m_LocalRotation.z
      value: 0
      objectReference: {fileID: 0}
    - target: {fileID: 1184125586940894230, guid: b5c70b4ac48e8704aa021f1f035b4d0d, type: 3}
      propertyPath: m_LocalEulerAnglesHint.x
      value: 0
      objectReference: {fileID: 0}
    - target: {fileID: 1184125586940894230, guid: b5c70b4ac48e8704aa021f1f035b4d0d, type: 3}
      propertyPath: m_LocalEulerAnglesHint.y
      value: 0
      objectReference: {fileID: 0}
    - target: {fileID: 1184125586940894230, guid: b5c70b4ac48e8704aa021f1f035b4d0d, type: 3}
      propertyPath: m_LocalEulerAnglesHint.z
      value: 0
      objectReference: {fileID: 0}
    - target: {fileID: 1184125586940894231, guid: b5c70b4ac48e8704aa021f1f035b4d0d, type: 3}
      propertyPath: m_Name
      value: Ice_Projectile_Boss Variant
      objectReference: {fileID: 0}
    m_RemovedComponents: []
  m_SourcePrefab: {fileID: 100100000, guid: b5c70b4ac48e8704aa021f1f035b4d0d, type: 3}
--- !u!4 &6314399067325416933 stripped
Transform:
  m_CorrespondingSourceObject: {fileID: 1184125586940894230, guid: b5c70b4ac48e8704aa021f1f035b4d0d, type: 3}
  m_PrefabInstance: {fileID: 5174525529766582771}
  m_PrefabAsset: {fileID: 0}
