%YAML 1.1
%TAG !u! tag:unity3d.com,2011:
--- !u!1 &2750700928289981234
GameObject:
  m_ObjectHideFlags: 0
  m_CorrespondingSourceObject: {fileID: 0}
  m_PrefabInstance: {fileID: 0}
  m_PrefabAsset: {fileID: 0}
  serializedVersion: 6
  m_Component:
  - component: {fileID: 7429873969256082892}
  - component: {fileID: 8336211333552986146}
  m_Layer: 30
  m_Name: Spline_1
  m_TagString: Untagged
  m_Icon: {fileID: 0}
  m_NavMeshLayer: 0
  m_StaticEditorFlags: 0
  m_IsActive: 0
--- !u!4 &7429873969256082892
Transform:
  m_ObjectHideFlags: 0
  m_CorrespondingSourceObject: {fileID: 0}
  m_PrefabInstance: {fileID: 0}
  m_PrefabAsset: {fileID: 0}
  m_GameObject: {fileID: 2750700928289981234}
  m_LocalRotation: {x: 0, y: 0, z: 0, w: 1}
  m_LocalPosition: {x: -0.0233, y: -0.0534, z: -0.0366}
  m_LocalScale: {x: 1, y: 1, z: 1}
  m_Children:
  - {fileID: 8243362900917601252}
  m_Father: {fileID: 7943958496850735395}
  m_RootOrder: 0
  m_LocalEulerAnglesHint: {x: 0, y: 0, z: 0}
--- !u!114 &8336211333552986146
MonoBehaviour:
  m_ObjectHideFlags: 0
  m_CorrespondingSourceObject: {fileID: 0}
  m_PrefabInstance: {fileID: 0}
  m_PrefabAsset: {fileID: 0}
  m_GameObject: {fileID: 2750700928289981234}
  m_Enabled: 1
  m_EditorHideFlags: 0
  m_Script: {fileID: 11500000, guid: 8e5ac92bc18f545cc84cd886ece82b4d, type: 3}
  m_Name: 
  m_EditorClassIdentifier: 
  editorData:
    _bezierPath:
      points:
      - {x: 0.06547563, y: 0.05745495, z: -0.0567649}
      - {x: 0.12391798, y: 0.06326133, z: -0.042132962}
      - {x: 0.11846716, y: 0.058739327, z: -0.008252806}
      - {x: 0.10009316, y: 0.06224735, z: 0.022837266}
      - {x: 0.08247494, y: 0.06561108, z: 0.05264852}
      - {x: 0.035526842, y: 0.06884845, z: 0.06960704}
      - {x: 0.0026157605, y: 0.078762494, z: 0.06686045}
      - {x: -0.027833987, y: 0.08793509, z: 0.064319275}
      - {x: -0.05980303, y: 0.07021278, z: 0.050180558}
      - {x: -0.061116256, y: 0.03619853, z: 0.059893496}
      - {x: -0.062204476, y: 0.008012218, z: 0.06794225}
      - {x: -0.033495143, y: -0.02547747, z: 0.085817575}
      - {x: 0.008458495, y: 0.00023242753, z: 0.08151959}
      isClosed: 0
      space: 0
      controlMode: 0
      autoControlLength: 0.3
      boundsUpToDate: 0
      bounds:
        m_Center: {x: 0, y: 0, z: 0}
        m_Extent: {x: 0, y: 0, z: 0}
      perAnchorNormalsAngle:
      - 0
      - 0
      - 0
      - 0
      - 0
      globalNormalsAngle: 76
      flipNormals: 0
    vertexPathUpToDate: 1
    vertexPathMaxAngleError: 0
    vertexPathMinVertexSpacing: 0
    showTransformTool: 0
    showPathBounds: 0
    showPerSegmentBounds: 0
    displayAnchorPoints: 1
    displayControlPoints: 1
    bezierHandleScale: 0.1
    globalDisplaySettingsFoldout: 1
    keepConstantHandleSize: 0
    showNormalsInVertexMode: 0
    showBezierPathInVertexMode: 0
    showDisplayOptions: 1
    showPathOptions: 1
    showVertexPathDisplayOptions: 1
    showVertexPathOptions: 1
    showNormals: 1
    showNormalsHelpInfo: 0
    tabIndex: 1
  initialized: 1
--- !u!1 &3022291213182600677
GameObject:
  m_ObjectHideFlags: 0
  m_CorrespondingSourceObject: {fileID: 0}
  m_PrefabInstance: {fileID: 0}
  m_PrefabAsset: {fileID: 0}
  serializedVersion: 6
  m_Component:
  - component: {fileID: 8243362900917601252}
  - component: {fileID: 348195107532301853}
  - component: {fileID: 4033563598850899736}
  m_Layer: 30
  m_Name: Follower
  m_TagString: Untagged
  m_Icon: {fileID: 0}
  m_NavMeshLayer: 0
  m_StaticEditorFlags: 0
  m_IsActive: 1
--- !u!4 &8243362900917601252
Transform:
  m_ObjectHideFlags: 0
  m_CorrespondingSourceObject: {fileID: 0}
  m_PrefabInstance: {fileID: 0}
  m_PrefabAsset: {fileID: 0}
  m_GameObject: {fileID: 3022291213182600677}
  m_LocalRotation: {x: 0, y: 0, z: 0, w: 1}
  m_LocalPosition: {x: 0, y: 0, z: 0}
  m_LocalScale: {x: 1, y: 1, z: 1}
  m_Children: []
  m_Father: {fileID: 7429873969256082892}
  m_RootOrder: 0
  m_LocalEulerAnglesHint: {x: 0, y: 0, z: 0}
--- !u!114 &348195107532301853
MonoBehaviour:
  m_ObjectHideFlags: 0
  m_CorrespondingSourceObject: {fileID: 0}
  m_PrefabInstance: {fileID: 0}
  m_PrefabAsset: {fileID: 0}
  m_GameObject: {fileID: 3022291213182600677}
  m_Enabled: 1
  m_EditorHideFlags: 0
  m_Script: {fileID: 11500000, guid: 33aabe1a2dec93349b06e6e5dc51bc06, type: 3}
  m_Name: 
  m_EditorClassIdentifier: 
  pathCreator: {fileID: 8336211333552986146}
  endOfPathInstruction: 2
  speed: 5
  resetOnAwake: 0
--- !u!96 &4033563598850899736
TrailRenderer:
  serializedVersion: 2
  m_ObjectHideFlags: 0
  m_CorrespondingSourceObject: {fileID: 0}
  m_PrefabInstance: {fileID: 0}
  m_PrefabAsset: {fileID: 0}
  m_GameObject: {fileID: 3022291213182600677}
  m_Enabled: 1
  m_CastShadows: 0
  m_ReceiveShadows: 1
  m_DynamicOccludee: 1
  m_MotionVectors: 0
  m_LightProbeUsage: 0
  m_ReflectionProbeUsage: 0
  m_RayTracingMode: 0
  m_RayTraceProcedural: 0
  m_RenderingLayerMask: 1
  m_RendererPriority: 0
  m_Materials:
  - {fileID: 2100000, guid: b5d3fc88145e96c449a4a0128c68412b, type: 2}
  m_StaticBatchInfo:
    firstSubMesh: 0
    subMeshCount: 0
  m_StaticBatchRoot: {fileID: 0}
  m_ProbeAnchor: {fileID: 0}
  m_LightProbeVolumeOverride: {fileID: 0}
  m_ScaleInLightmap: 1
  m_ReceiveGI: 1
  m_PreserveUVs: 0
  m_IgnoreNormalsForChartDetection: 0
  m_ImportantGI: 0
  m_StitchLightmapSeams: 1
  m_SelectedEditorRenderState: 3
  m_MinimumChartSize: 4
  m_AutoUVMaxDistance: 0.5
  m_AutoUVMaxAngle: 89
  m_LightmapParameters: {fileID: 0}
  m_SortingLayerID: 0
  m_SortingLayer: 0
  m_SortingOrder: 0
  m_Time: 0.1
  m_Parameters:
    serializedVersion: 3
    widthMultiplier: 0.01
    widthCurve:
      serializedVersion: 2
      m_Curve:
      - serializedVersion: 3
        time: 0
        value: 1
        inSlope: 0
        outSlope: 0
        tangentMode: 0
        weightedMode: 0
        inWeight: 0.33333334
        outWeight: 0.33333334
      m_PreInfinity: 2
      m_PostInfinity: 2
      m_RotationOrder: 4
    colorGradient:
      serializedVersion: 2
      key0: {r: 1, g: 1, b: 1, a: 1}
      key1: {r: 1, g: 1, b: 1, a: 1}
      key2: {r: 0, g: 0, b: 0, a: 0}
      key3: {r: 0, g: 0, b: 0, a: 0}
      key4: {r: 0, g: 0, b: 0, a: 0}
      key5: {r: 0, g: 0, b: 0, a: 0}
      key6: {r: 0, g: 0, b: 0, a: 0}
      key7: {r: 0, g: 0, b: 0, a: 0}
      ctime0: 0
      ctime1: 65535
      ctime2: 0
      ctime3: 0
      ctime4: 0
      ctime5: 0
      ctime6: 0
      ctime7: 0
      atime0: 0
      atime1: 65535
      atime2: 0
      atime3: 0
      atime4: 0
      atime5: 0
      atime6: 0
      atime7: 0
      m_Mode: 0
      m_NumColorKeys: 2
      m_NumAlphaKeys: 2
    numCornerVertices: 0
    numCapVertices: 0
    alignment: 0
    textureMode: 0
    shadowBias: 0.5
    generateLightingData: 0
  m_MinVertexDistance: 0.01
  m_Autodestruct: 0
  m_Emitting: 1
--- !u!1 &5038466809601754229
GameObject:
  m_ObjectHideFlags: 0
  m_CorrespondingSourceObject: {fileID: 0}
  m_PrefabInstance: {fileID: 0}
  m_PrefabAsset: {fileID: 0}
  serializedVersion: 6
  m_Component:
  - component: {fileID: 5038466809601754225}
  - component: {fileID: 5038466809601754226}
  - component: {fileID: 5038466809601754227}
  m_Layer: 30
  m_Name: Fire_Mana_Gain
  m_TagString: Untagged
  m_Icon: {fileID: 0}
  m_NavMeshLayer: 0
  m_StaticEditorFlags: 0
  m_IsActive: 0
--- !u!4 &5038466809601754225
Transform:
  m_ObjectHideFlags: 0
  m_CorrespondingSourceObject: {fileID: 0}
  m_PrefabInstance: {fileID: 0}
  m_PrefabAsset: {fileID: 0}
  m_GameObject: {fileID: 5038466809601754229}
  m_LocalRotation: {x: -0.696075, y: 0.23729137, z: -0.6413789, w: 0.218645}
  m_LocalPosition: {x: 0.0215, y: -0.0081, z: -0.0589}
  m_LocalScale: {x: 1, y: 1, z: 1}
  m_Children:
  - {fileID: 5038466809657108916}
  m_Father: {fileID: 7943958496850735395}
  m_RootOrder: 6
  m_LocalEulerAnglesHint: {x: 0, y: 94.684, z: -142.352}
--- !u!2083052967 &5038466809601754226
VisualEffect:
  m_ObjectHideFlags: 0
  m_CorrespondingSourceObject: {fileID: 0}
  m_PrefabInstance: {fileID: 0}
  m_PrefabAsset: {fileID: 0}
  m_GameObject: {fileID: 5038466809601754229}
  m_Enabled: 1
  m_Asset: {fileID: 8926484042661614526, guid: ffb3fea073915ca4aa1cda8eb1ac8d24, type: 3}
  m_InitialEventName: OnPlay
  m_InitialEventNameOverriden: 0
  m_StartSeed: 0
  m_ResetSeedOnPlay: 1
  m_ResourceVersion: 1
  m_PropertySheet:
    m_Float:
      m_Array:
      - m_Value: 3
        m_Name: Inwards Speed
        m_Overridden: 1
      - m_Value: 0.4
        m_Name: LifeTime
        m_Overridden: 1
      - m_Value: 2
        m_Name: Inwards_Speed
        m_Overridden: 1
      - m_Value: 0.2
        m_Name: Lifetime
        m_Overridden: 1
      - m_Value: 0.2
        m_Name: Spawn_Radius
        m_Overridden: 1
      - m_Value: 0.2
        m_Name: Scale_By_Speed
        m_Overridden: 1
      - m_Value: 0.03
        m_Name: Size
        m_Overridden: 1
      - m_Value: 0.004
        m_Name: Sparkles_Spawn_Radius
        m_Overridden: 1
      - m_Value: 1
        m_Name: Sparkles_Turbulence_Intensity
        m_Overridden: 1
      - m_Value: 0.7
        m_Name: Sparkles_Inherit_Velocity_Blend
        m_Overridden: 1
      - m_Value: 12
        m_Name: Sparkles_Turbulence_Frequency
        m_Overridden: 1
      - m_Value: 0.03
        m_Name: Sparkles_Kill_Sphere_Radius
        m_Overridden: 1
    m_Vector2f:
      m_Array:
      - m_Value: {x: 2, y: 11}
        m_Name: Sparkles_Lifetime_Multiplier_Min_Max
        m_Overridden: 1
    m_Vector3f:
      m_Array: []
    m_Vector4f:
      m_Array: []
    m_Uint:
      m_Array: []
    m_Int:
      m_Array:
      - m_Value: 300
        m_Name: Sparkles_Count
        m_Overridden: 1
      - m_Value: 30
        m_Name: Count
        m_Overridden: 1
    m_Matrix4x4f:
      m_Array: []
    m_AnimationCurve:
      m_Array:
      - m_Value:
          serializedVersion: 2
          m_Curve:
          - serializedVersion: 3
            time: 0
            value: 0
            inSlope: 0.12208657
            outSlope: 0.12208657
            tangentMode: 0
            weightedMode: 3
            inWeight: 0
            outWeight: 0.425
          - serializedVersion: 3
            time: 1
            value: 1
            inSlope: 2.2855105
            outSlope: 2.2855105
            tangentMode: 0
            weightedMode: 3
            inWeight: 0.22083336
            outWeight: 0
          m_PreInfinity: 2
          m_PostInfinity: 2
          m_RotationOrder: 4
        m_Name: Inwards_Speed_Over_Time
        m_Overridden: 1
      - m_Value:
          serializedVersion: 2
          m_Curve:
          - serializedVersion: 3
            time: 0.006094771
            value: 0.50280064
            inSlope: -0.69696766
            outSlope: -0.69696766
            tangentMode: 0
            weightedMode: 3
            inWeight: 0
            outWeight: 0.539
          - serializedVersion: 3
            time: 0.97929394
            value: 0.09999493
            inSlope: -0.0037108317
            outSlope: -0.0037108317
            tangentMode: 0
            weightedMode: 0
            inWeight: 0.25000003
            outWeight: 0
          m_PreInfinity: 2
          m_PostInfinity: 2
          m_RotationOrder: 4
        m_Name: Sparkles_Turbulence_Over_Time
        m_Overridden: 1
    m_Gradient:
      m_Array:
      - m_Value:
          serializedVersion: 2
          key0: {r: 141.83435, g: 35.606514, b: 2.97035, a: 0}
          key1: {r: 3.3538272, g: 0.48476002, b: 0.052677818, a: 1}
          key2: {r: 1.1339971, g: 0.14718491, b: 0.08312017, a: 1}
          key3: {r: 0.19607843, g: 0.049736563, b: 0.039215684, a: 0}
          key4: {r: 0, g: 0, b: 0, a: 0}
          key5: {r: 0, g: 0, b: 0, a: 0}
          key6: {r: 0, g: 0, b: 0, a: 0}
          key7: {r: 0, g: 0, b: 0, a: 0}
          ctime0: 0
          ctime1: 23130
          ctime2: 49344
          ctime3: 65535
          ctime4: 0
          ctime5: 0
          ctime6: 0
          ctime7: 0
          atime0: 0
          atime1: 4433
          atime2: 49151
          atime3: 64764
          atime4: 0
          atime5: 0
          atime6: 0
          atime7: 0
          m_Mode: 0
          m_NumColorKeys: 4
          m_NumAlphaKeys: 4
        m_Name: Color_Over_Time
        m_Overridden: 1
    m_NamedObject:
      m_Array: []
    m_Bool:
      m_Array: []
--- !u!73398921 &5038466809601754227
VFXRenderer:
  m_ObjectHideFlags: 0
  m_CorrespondingSourceObject: {fileID: 0}
  m_PrefabInstance: {fileID: 0}
  m_PrefabAsset: {fileID: 0}
  m_GameObject: {fileID: 5038466809601754229}
  m_Enabled: 1
  m_CastShadows: 0
  m_ReceiveShadows: 0
  m_DynamicOccludee: 1
  m_MotionVectors: 0
  m_LightProbeUsage: 0
  m_ReflectionProbeUsage: 0
  m_RayTracingMode: 0
  m_RayTraceProcedural: 0
  m_RenderingLayerMask: 1
  m_RendererPriority: 0
  m_Materials:
  - {fileID: 0}
  m_StaticBatchInfo:
    firstSubMesh: 0
    subMeshCount: 0
  m_StaticBatchRoot: {fileID: 0}
  m_ProbeAnchor: {fileID: 0}
  m_LightProbeVolumeOverride: {fileID: 0}
  m_ScaleInLightmap: 1
  m_ReceiveGI: 1
  m_PreserveUVs: 0
  m_IgnoreNormalsForChartDetection: 0
  m_ImportantGI: 0
  m_StitchLightmapSeams: 1
  m_SelectedEditorRenderState: 3
  m_MinimumChartSize: 4
  m_AutoUVMaxDistance: 0.5
  m_AutoUVMaxAngle: 89
  m_LightmapParameters: {fileID: 0}
  m_SortingLayerID: 0
  m_SortingLayer: 0
  m_SortingOrder: 0
--- !u!1 &5038466809657108917
GameObject:
  m_ObjectHideFlags: 0
  m_CorrespondingSourceObject: {fileID: 0}
  m_PrefabInstance: {fileID: 0}
  m_PrefabAsset: {fileID: 0}
  serializedVersion: 6
  m_Component:
  - component: {fileID: 5038466809657108916}
  - component: {fileID: 5038466809657108913}
  - component: {fileID: 5038466809657108914}
  - component: {fileID: 5038466809657108915}
  m_Layer: 30
  m_Name: Mana_BuildUp
  m_TagString: Untagged
  m_Icon: {fileID: 0}
  m_NavMeshLayer: 0
  m_StaticEditorFlags: 0
  m_IsActive: 0
--- !u!4 &5038466809657108916
Transform:
  m_ObjectHideFlags: 0
  m_CorrespondingSourceObject: {fileID: 0}
  m_PrefabInstance: {fileID: 0}
  m_PrefabAsset: {fileID: 0}
  m_GameObject: {fileID: 5038466809657108917}
  m_LocalRotation: {x: -0, y: -0, z: 0.0000000037252899, w: 1}
  m_LocalPosition: {x: 0, y: 0, z: 0}
  m_LocalScale: {x: 1, y: 1, z: 1}
  m_Children: []
  m_Father: {fileID: 5038466809601754225}
  m_RootOrder: 0
  m_LocalEulerAnglesHint: {x: -33.614, y: 0, z: 117.181}
--- !u!2083052967 &5038466809657108913
VisualEffect:
  m_ObjectHideFlags: 0
  m_CorrespondingSourceObject: {fileID: 0}
  m_PrefabInstance: {fileID: 0}
  m_PrefabAsset: {fileID: 0}
  m_GameObject: {fileID: 5038466809657108917}
  m_Enabled: 0
  m_Asset: {fileID: 8926484042661614526, guid: 930fa822105d77c4e81080175c5493ec, type: 3}
  m_InitialEventName: OnPlay
  m_InitialEventNameOverriden: 0
  m_StartSeed: 0
  m_ResetSeedOnPlay: 1
  m_ResourceVersion: 1
  m_PropertySheet:
    m_Float:
      m_Array:
      - m_Value: 3
        m_Name: Inwards Speed
        m_Overridden: 1
      - m_Value: 0.4
        m_Name: LifeTime
        m_Overridden: 1
      - m_Value: 4
        m_Name: Inwards_Speed
        m_Overridden: 1
      - m_Value: 0.3
        m_Name: Lifetime
        m_Overridden: 1
    m_Vector2f:
      m_Array: []
    m_Vector3f:
      m_Array: []
    m_Vector4f:
      m_Array: []
    m_Uint:
      m_Array: []
    m_Int:
      m_Array:
      - m_Value: 100
        m_Name: Sparkles_Count
        m_Overridden: 1
    m_Matrix4x4f:
      m_Array: []
    m_AnimationCurve:
      m_Array: []
    m_Gradient:
      m_Array: []
    m_NamedObject:
      m_Array: []
    m_Bool:
      m_Array: []
--- !u!73398921 &5038466809657108914
VFXRenderer:
  m_ObjectHideFlags: 0
  m_CorrespondingSourceObject: {fileID: 0}
  m_PrefabInstance: {fileID: 0}
  m_PrefabAsset: {fileID: 0}
  m_GameObject: {fileID: 5038466809657108917}
  m_Enabled: 0
  m_CastShadows: 0
  m_ReceiveShadows: 0
  m_DynamicOccludee: 1
  m_MotionVectors: 0
  m_LightProbeUsage: 0
  m_ReflectionProbeUsage: 0
  m_RayTracingMode: 0
  m_RayTraceProcedural: 0
  m_RenderingLayerMask: 1
  m_RendererPriority: 0
  m_Materials:
  - {fileID: 0}
  m_StaticBatchInfo:
    firstSubMesh: 0
    subMeshCount: 0
  m_StaticBatchRoot: {fileID: 0}
  m_ProbeAnchor: {fileID: 0}
  m_LightProbeVolumeOverride: {fileID: 0}
  m_ScaleInLightmap: 1
  m_ReceiveGI: 1
  m_PreserveUVs: 0
  m_IgnoreNormalsForChartDetection: 0
  m_ImportantGI: 0
  m_StitchLightmapSeams: 1
  m_SelectedEditorRenderState: 3
  m_MinimumChartSize: 4
  m_AutoUVMaxDistance: 0.5
  m_AutoUVMaxAngle: 89
  m_LightmapParameters: {fileID: 0}
  m_SortingLayerID: 0
  m_SortingLayer: 0
  m_SortingOrder: 0
--- !u!111 &5038466809657108915
Animation:
  m_ObjectHideFlags: 0
  m_CorrespondingSourceObject: {fileID: 0}
  m_PrefabInstance: {fileID: 0}
  m_PrefabAsset: {fileID: 0}
  m_GameObject: {fileID: 5038466809657108917}
  m_Enabled: 1
  serializedVersion: 3
  m_Animation: {fileID: 7400000, guid: 99ac6ab3422fd65489ce0736ff3f7579, type: 2}
  m_Animations:
  - {fileID: 7400000, guid: 99ac6ab3422fd65489ce0736ff3f7579, type: 2}
  m_WrapMode: 0
  m_PlayAutomatically: 1
  m_AnimatePhysics: 0
  m_CullingType: 0
--- !u!1 &7113783747901289089
GameObject:
  m_ObjectHideFlags: 0
  m_CorrespondingSourceObject: {fileID: 0}
  m_PrefabInstance: {fileID: 0}
  m_PrefabAsset: {fileID: 0}
  serializedVersion: 6
  m_Component:
  - component: {fileID: 7943958496850735395}
  - component: {fileID: 1617495202153734121}
  m_Layer: 30
  m_Name: VFX_Revolver_Reload
  m_TagString: Untagged
  m_Icon: {fileID: 0}
  m_NavMeshLayer: 0
  m_StaticEditorFlags: 0
  m_IsActive: 1
--- !u!4 &7943958496850735395
Transform:
  m_ObjectHideFlags: 0
  m_CorrespondingSourceObject: {fileID: 0}
  m_PrefabInstance: {fileID: 0}
  m_PrefabAsset: {fileID: 0}
  m_GameObject: {fileID: 7113783747901289089}
  m_LocalRotation: {x: 0, y: 0, z: 0, w: 1}
  m_LocalPosition: {x: 0, y: 0, z: 0}
  m_LocalScale: {x: 1, y: 1, z: 1}
  m_Children:
  - {fileID: 7429873969256082892}
  - {fileID: 5806572315564144326}
  - {fileID: 5717485125098109613}
  - {fileID: 2500871140835756748}
  - {fileID: 6219605207980168628}
  - {fileID: 1575981064651495203}
  - {fileID: 5038466809601754225}
  m_Father: {fileID: 0}
  m_RootOrder: 0
  m_LocalEulerAnglesHint: {x: 0, y: 0, z: 0}
--- !u!95 &1617495202153734121
Animator:
  serializedVersion: 3
  m_ObjectHideFlags: 0
  m_CorrespondingSourceObject: {fileID: 0}
  m_PrefabInstance: {fileID: 0}
  m_PrefabAsset: {fileID: 0}
  m_GameObject: {fileID: 7113783747901289089}
  m_Enabled: 1
  m_Avatar: {fileID: 0}
  m_Controller: {fileID: 9100000, guid: 873b9a84d47e05c4c9794c1161a89d01, type: 2}
  m_CullingMode: 0
  m_UpdateMode: 0
  m_ApplyRootMotion: 0
  m_LinearVelocityBlending: 0
  m_WarningMessage: 
  m_HasTransformHierarchy: 1
  m_AllowConstantClipSamplingOptimization: 1
  m_KeepAnimatorControllerStateOnDisable: 0
--- !u!1 &7931116964966838996
GameObject:
  m_ObjectHideFlags: 0
  m_CorrespondingSourceObject: {fileID: 0}
  m_PrefabInstance: {fileID: 0}
  m_PrefabAsset: {fileID: 0}
  serializedVersion: 6
  m_Component:
  - component: {fileID: 2500871140835756748}
  m_Layer: 30
  m_Name: Fire_EnergyToBullets
  m_TagString: Untagged
  m_Icon: {fileID: 0}
  m_NavMeshLayer: 0
  m_StaticEditorFlags: 0
  m_IsActive: 1
--- !u!4 &2500871140835756748
Transform:
  m_ObjectHideFlags: 0
  m_CorrespondingSourceObject: {fileID: 0}
  m_PrefabInstance: {fileID: 0}
  m_PrefabAsset: {fileID: 0}
  m_GameObject: {fileID: 7931116964966838996}
  m_LocalRotation: {x: 0, y: 0, z: 0, w: 1}
  m_LocalPosition: {x: 0, y: 0, z: 0}
  m_LocalScale: {x: 1, y: 1, z: 1}
  m_Children:
  - {fileID: 3879803744972924453}
  - {fileID: 7053094924066740098}
  - {fileID: 2139325979134147879}
  - {fileID: 7832355767293053517}
  - {fileID: 6459976393125735121}
  m_Father: {fileID: 7943958496850735395}
  m_RootOrder: 3
  m_LocalEulerAnglesHint: {x: 0, y: 0, z: 0}
--- !u!1001 &541895781143703333
PrefabInstance:
  m_ObjectHideFlags: 0
  serializedVersion: 2
  m_Modification:
    m_TransformParent: {fileID: 7943958496850735395}
    m_Modifications:
    - target: {fileID: 3978400848032388026, guid: 49bd36f55dc19d04eb4293b06f65ab38, type: 3}
      propertyPath: m_Materials.Array.data[0]
      value: 
      objectReference: {fileID: 0}
    - target: {fileID: 5896701391258892945, guid: 49bd36f55dc19d04eb4293b06f65ab38, type: 3}
      propertyPath: m_RootOrder
      value: 4
      objectReference: {fileID: 0}
    - target: {fileID: 5896701391258892945, guid: 49bd36f55dc19d04eb4293b06f65ab38, type: 3}
      propertyPath: m_LocalPosition.x
      value: 0.0215
      objectReference: {fileID: 0}
    - target: {fileID: 5896701391258892945, guid: 49bd36f55dc19d04eb4293b06f65ab38, type: 3}
      propertyPath: m_LocalPosition.y
      value: -0.0081
      objectReference: {fileID: 0}
    - target: {fileID: 5896701391258892945, guid: 49bd36f55dc19d04eb4293b06f65ab38, type: 3}
      propertyPath: m_LocalPosition.z
      value: -0.0589
      objectReference: {fileID: 0}
    - target: {fileID: 5896701391258892945, guid: 49bd36f55dc19d04eb4293b06f65ab38, type: 3}
      propertyPath: m_LocalRotation.w
      value: 0.218645
      objectReference: {fileID: 0}
    - target: {fileID: 5896701391258892945, guid: 49bd36f55dc19d04eb4293b06f65ab38, type: 3}
      propertyPath: m_LocalRotation.x
      value: -0.696075
      objectReference: {fileID: 0}
    - target: {fileID: 5896701391258892945, guid: 49bd36f55dc19d04eb4293b06f65ab38, type: 3}
      propertyPath: m_LocalRotation.y
      value: 0.23729137
      objectReference: {fileID: 0}
    - target: {fileID: 5896701391258892945, guid: 49bd36f55dc19d04eb4293b06f65ab38, type: 3}
      propertyPath: m_LocalRotation.z
      value: -0.6413789
      objectReference: {fileID: 0}
    - target: {fileID: 5896701391258892945, guid: 49bd36f55dc19d04eb4293b06f65ab38, type: 3}
      propertyPath: m_LocalEulerAnglesHint.x
      value: 0
      objectReference: {fileID: 0}
    - target: {fileID: 5896701391258892945, guid: 49bd36f55dc19d04eb4293b06f65ab38, type: 3}
      propertyPath: m_LocalEulerAnglesHint.y
      value: 94.684
      objectReference: {fileID: 0}
    - target: {fileID: 5896701391258892945, guid: 49bd36f55dc19d04eb4293b06f65ab38, type: 3}
      propertyPath: m_LocalEulerAnglesHint.z
      value: -142.352
      objectReference: {fileID: 0}
    - target: {fileID: 5940492512491937381, guid: 49bd36f55dc19d04eb4293b06f65ab38, type: 3}
      propertyPath: m_Name
      value: HandPalm_Energy
      objectReference: {fileID: 0}
    m_RemovedComponents: []
  m_SourcePrefab: {fileID: 100100000, guid: 49bd36f55dc19d04eb4293b06f65ab38, type: 3}
--- !u!4 &6219605207980168628 stripped
Transform:
  m_CorrespondingSourceObject: {fileID: 5896701391258892945, guid: 49bd36f55dc19d04eb4293b06f65ab38, type: 3}
  m_PrefabInstance: {fileID: 541895781143703333}
  m_PrefabAsset: {fileID: 0}
--- !u!1001 &1413110263698029545
PrefabInstance:
  m_ObjectHideFlags: 0
  serializedVersion: 2
  m_Modification:
    m_TransformParent: {fileID: 2500871140835756748}
    m_Modifications:
    - target: {fileID: 168606336227079425, guid: d6903a110c7b48042ab7841d613fe4fb, type: 3}
      propertyPath: m_Layer
      value: 30
      objectReference: {fileID: 0}
    - target: {fileID: 359637384871902322, guid: d6903a110c7b48042ab7841d613fe4fb, type: 3}
      propertyPath: m_Enabled
      value: 0
      objectReference: {fileID: 0}
    - target: {fileID: 359637384871902322, guid: d6903a110c7b48042ab7841d613fe4fb, type: 3}
      propertyPath: m_Materials.Array.data[0]
      value: 
      objectReference: {fileID: 0}
    - target: {fileID: 1060367788119204744, guid: d6903a110c7b48042ab7841d613fe4fb, type: 3}
      propertyPath: m_Layer
      value: 30
      objectReference: {fileID: 0}
    - target: {fileID: 1133917087419246178, guid: d6903a110c7b48042ab7841d613fe4fb, type: 3}
      propertyPath: m_Layer
      value: 30
      objectReference: {fileID: 0}
    - target: {fileID: 2064468340823333279, guid: d6903a110c7b48042ab7841d613fe4fb, type: 3}
      propertyPath: m_Layer
      value: 30
      objectReference: {fileID: 0}
    - target: {fileID: 3632136918522924095, guid: d6903a110c7b48042ab7841d613fe4fb, type: 3}
      propertyPath: m_Layer
      value: 30
      objectReference: {fileID: 0}
    - target: {fileID: 3773911753643885978, guid: d6903a110c7b48042ab7841d613fe4fb, type: 3}
      propertyPath: m_Layer
      value: 30
      objectReference: {fileID: 0}
    - target: {fileID: 4054747927916365133, guid: d6903a110c7b48042ab7841d613fe4fb, type: 3}
      propertyPath: m_Layer
      value: 30
      objectReference: {fileID: 0}
    - target: {fileID: 4746718617418239879, guid: d6903a110c7b48042ab7841d613fe4fb, type: 3}
      propertyPath: m_Layer
      value: 30
      objectReference: {fileID: 0}
    - target: {fileID: 5217924925840333789, guid: d6903a110c7b48042ab7841d613fe4fb, type: 3}
      propertyPath: m_Layer
      value: 30
      objectReference: {fileID: 0}
    - target: {fileID: 5261266145595919918, guid: d6903a110c7b48042ab7841d613fe4fb, type: 3}
      propertyPath: m_Layer
      value: 30
      objectReference: {fileID: 0}
    - target: {fileID: 5263752495211972695, guid: d6903a110c7b48042ab7841d613fe4fb, type: 3}
      propertyPath: m_Layer
      value: 30
      objectReference: {fileID: 0}
    - target: {fileID: 5348607306609643832, guid: d6903a110c7b48042ab7841d613fe4fb, type: 3}
      propertyPath: m_RootOrder
      value: 4
      objectReference: {fileID: 0}
    - target: {fileID: 5348607306609643832, guid: d6903a110c7b48042ab7841d613fe4fb, type: 3}
      propertyPath: m_LocalScale.x
      value: 1
      objectReference: {fileID: 0}
    - target: {fileID: 5348607306609643832, guid: d6903a110c7b48042ab7841d613fe4fb, type: 3}
      propertyPath: m_LocalScale.y
      value: 1
      objectReference: {fileID: 0}
    - target: {fileID: 5348607306609643832, guid: d6903a110c7b48042ab7841d613fe4fb, type: 3}
      propertyPath: m_LocalScale.z
      value: 1
      objectReference: {fileID: 0}
    - target: {fileID: 5348607306609643832, guid: d6903a110c7b48042ab7841d613fe4fb, type: 3}
      propertyPath: m_LocalPosition.x
      value: 0.0222
      objectReference: {fileID: 0}
    - target: {fileID: 5348607306609643832, guid: d6903a110c7b48042ab7841d613fe4fb, type: 3}
      propertyPath: m_LocalPosition.y
      value: -0.0036
      objectReference: {fileID: 0}
    - target: {fileID: 5348607306609643832, guid: d6903a110c7b48042ab7841d613fe4fb, type: 3}
      propertyPath: m_LocalPosition.z
      value: -0.0626
      objectReference: {fileID: 0}
    - target: {fileID: 5348607306609643832, guid: d6903a110c7b48042ab7841d613fe4fb, type: 3}
      propertyPath: m_LocalRotation.w
      value: 0.4721602
      objectReference: {fileID: 0}
    - target: {fileID: 5348607306609643832, guid: d6903a110c7b48042ab7841d613fe4fb, type: 3}
      propertyPath: m_LocalRotation.x
      value: 0.65451366
      objectReference: {fileID: 0}
    - target: {fileID: 5348607306609643832, guid: d6903a110c7b48042ab7841d613fe4fb, type: 3}
      propertyPath: m_LocalRotation.y
      value: 0.1979936
      objectReference: {fileID: 0}
    - target: {fileID: 5348607306609643832, guid: d6903a110c7b48042ab7841d613fe4fb, type: 3}
      propertyPath: m_LocalRotation.z
      value: -0.556305
      objectReference: {fileID: 0}
    - target: {fileID: 5348607306609643832, guid: d6903a110c7b48042ab7841d613fe4fb, type: 3}
      propertyPath: m_LocalEulerAnglesHint.x
      value: 123.033005
      objectReference: {fileID: 0}
    - target: {fileID: 5348607306609643832, guid: d6903a110c7b48042ab7841d613fe4fb, type: 3}
      propertyPath: m_LocalEulerAnglesHint.y
      value: -263.171
      objectReference: {fileID: 0}
    - target: {fileID: 5348607306609643832, guid: d6903a110c7b48042ab7841d613fe4fb, type: 3}
      propertyPath: m_LocalEulerAnglesHint.z
      value: -330.775
      objectReference: {fileID: 0}
    - target: {fileID: 5966083087879169654, guid: d6903a110c7b48042ab7841d613fe4fb, type: 3}
      propertyPath: m_Layer
      value: 30
      objectReference: {fileID: 0}
    - target: {fileID: 6865006584827726881, guid: d6903a110c7b48042ab7841d613fe4fb, type: 3}
      propertyPath: m_Enabled
      value: 0
      objectReference: {fileID: 0}
    - target: {fileID: 6865006584827726881, guid: d6903a110c7b48042ab7841d613fe4fb, type: 3}
      propertyPath: m_Materials.Array.data[0]
      value: 
      objectReference: {fileID: 0}
    - target: {fileID: 7031590353138879164, guid: d6903a110c7b48042ab7841d613fe4fb, type: 3}
      propertyPath: m_Layer
      value: 30
      objectReference: {fileID: 0}
    - target: {fileID: 7842916151874048581, guid: d6903a110c7b48042ab7841d613fe4fb, type: 3}
      propertyPath: m_Name
      value: Fire_Energy (4)
      objectReference: {fileID: 0}
    - target: {fileID: 7842916151874048581, guid: d6903a110c7b48042ab7841d613fe4fb, type: 3}
      propertyPath: m_Layer
      value: 30
      objectReference: {fileID: 0}
    - target: {fileID: 7842916151874048581, guid: d6903a110c7b48042ab7841d613fe4fb, type: 3}
      propertyPath: m_IsActive
      value: 0
      objectReference: {fileID: 0}
    - target: {fileID: 8429415476410321393, guid: d6903a110c7b48042ab7841d613fe4fb, type: 3}
      propertyPath: m_Layer
      value: 30
      objectReference: {fileID: 0}
    m_RemovedComponents: []
  m_SourcePrefab: {fileID: 100100000, guid: d6903a110c7b48042ab7841d613fe4fb, type: 3}
--- !u!4 &6459976393125735121 stripped
Transform:
  m_CorrespondingSourceObject: {fileID: 5348607306609643832, guid: d6903a110c7b48042ab7841d613fe4fb, type: 3}
  m_PrefabInstance: {fileID: 1413110263698029545}
  m_PrefabAsset: {fileID: 0}
--- !u!1001 &1662504465317303003
PrefabInstance:
  m_ObjectHideFlags: 0
  serializedVersion: 2
  m_Modification:
    m_TransformParent: {fileID: 7943958496850735395}
    m_Modifications:
    - target: {fileID: 201929077529396728, guid: fb225c7959b7afe47a2cc690f5da97e5, type: 3}
      propertyPath: m_RootOrder
      value: 5
      objectReference: {fileID: 0}
    - target: {fileID: 201929077529396728, guid: fb225c7959b7afe47a2cc690f5da97e5, type: 3}
      propertyPath: m_LocalPosition.x
      value: 0
      objectReference: {fileID: 0}
    - target: {fileID: 201929077529396728, guid: fb225c7959b7afe47a2cc690f5da97e5, type: 3}
      propertyPath: m_LocalPosition.y
      value: 0
      objectReference: {fileID: 0}
    - target: {fileID: 201929077529396728, guid: fb225c7959b7afe47a2cc690f5da97e5, type: 3}
      propertyPath: m_LocalPosition.z
      value: 0
      objectReference: {fileID: 0}
    - target: {fileID: 201929077529396728, guid: fb225c7959b7afe47a2cc690f5da97e5, type: 3}
      propertyPath: m_LocalRotation.w
      value: 1
      objectReference: {fileID: 0}
    - target: {fileID: 201929077529396728, guid: fb225c7959b7afe47a2cc690f5da97e5, type: 3}
      propertyPath: m_LocalRotation.x
      value: 0
      objectReference: {fileID: 0}
    - target: {fileID: 201929077529396728, guid: fb225c7959b7afe47a2cc690f5da97e5, type: 3}
      propertyPath: m_LocalRotation.y
      value: 0
      objectReference: {fileID: 0}
    - target: {fileID: 201929077529396728, guid: fb225c7959b7afe47a2cc690f5da97e5, type: 3}
      propertyPath: m_LocalRotation.z
      value: 0
      objectReference: {fileID: 0}
    - target: {fileID: 201929077529396728, guid: fb225c7959b7afe47a2cc690f5da97e5, type: 3}
      propertyPath: m_LocalEulerAnglesHint.x
      value: 0
      objectReference: {fileID: 0}
    - target: {fileID: 201929077529396728, guid: fb225c7959b7afe47a2cc690f5da97e5, type: 3}
      propertyPath: m_LocalEulerAnglesHint.y
      value: 0
      objectReference: {fileID: 0}
    - target: {fileID: 201929077529396728, guid: fb225c7959b7afe47a2cc690f5da97e5, type: 3}
      propertyPath: m_LocalEulerAnglesHint.z
      value: 0
      objectReference: {fileID: 0}
    - target: {fileID: 4107660842776012526, guid: fb225c7959b7afe47a2cc690f5da97e5, type: 3}
      propertyPath: m_Name
      value: Wrist_HeatUp
      objectReference: {fileID: 0}
    - target: {fileID: 6569612937627685836, guid: fb225c7959b7afe47a2cc690f5da97e5, type: 3}
      propertyPath: m_Materials.Array.data[0]
      value: 
      objectReference: {fileID: 0}
    m_RemovedComponents: []
  m_SourcePrefab: {fileID: 100100000, guid: fb225c7959b7afe47a2cc690f5da97e5, type: 3}
--- !u!4 &1575981064651495203 stripped
Transform:
  m_CorrespondingSourceObject: {fileID: 201929077529396728, guid: fb225c7959b7afe47a2cc690f5da97e5, type: 3}
  m_PrefabInstance: {fileID: 1662504465317303003}
  m_PrefabAsset: {fileID: 0}
--- !u!1001 &2776482447200279413
PrefabInstance:
  m_ObjectHideFlags: 0
  serializedVersion: 2
  m_Modification:
    m_TransformParent: {fileID: 2500871140835756748}
    m_Modifications:
    - target: {fileID: 168606336227079425, guid: d6903a110c7b48042ab7841d613fe4fb, type: 3}
      propertyPath: m_Layer
      value: 30
      objectReference: {fileID: 0}
    - target: {fileID: 359637384871902322, guid: d6903a110c7b48042ab7841d613fe4fb, type: 3}
      propertyPath: m_Enabled
      value: 0
      objectReference: {fileID: 0}
    - target: {fileID: 359637384871902322, guid: d6903a110c7b48042ab7841d613fe4fb, type: 3}
      propertyPath: m_Materials.Array.data[0]
      value: 
      objectReference: {fileID: 0}
    - target: {fileID: 1060367788119204744, guid: d6903a110c7b48042ab7841d613fe4fb, type: 3}
      propertyPath: m_Layer
      value: 30
      objectReference: {fileID: 0}
    - target: {fileID: 1133917087419246178, guid: d6903a110c7b48042ab7841d613fe4fb, type: 3}
      propertyPath: m_Layer
      value: 30
      objectReference: {fileID: 0}
    - target: {fileID: 2064468340823333279, guid: d6903a110c7b48042ab7841d613fe4fb, type: 3}
      propertyPath: m_Layer
      value: 30
      objectReference: {fileID: 0}
    - target: {fileID: 3632136918522924095, guid: d6903a110c7b48042ab7841d613fe4fb, type: 3}
      propertyPath: m_Layer
      value: 30
      objectReference: {fileID: 0}
    - target: {fileID: 3773911753643885978, guid: d6903a110c7b48042ab7841d613fe4fb, type: 3}
      propertyPath: m_Layer
      value: 30
      objectReference: {fileID: 0}
    - target: {fileID: 4054747927916365133, guid: d6903a110c7b48042ab7841d613fe4fb, type: 3}
      propertyPath: m_Layer
      value: 30
      objectReference: {fileID: 0}
    - target: {fileID: 4746718617418239879, guid: d6903a110c7b48042ab7841d613fe4fb, type: 3}
      propertyPath: m_Layer
      value: 30
      objectReference: {fileID: 0}
    - target: {fileID: 5217924925840333789, guid: d6903a110c7b48042ab7841d613fe4fb, type: 3}
      propertyPath: m_Layer
      value: 30
      objectReference: {fileID: 0}
    - target: {fileID: 5261266145595919918, guid: d6903a110c7b48042ab7841d613fe4fb, type: 3}
      propertyPath: m_Layer
      value: 30
      objectReference: {fileID: 0}
    - target: {fileID: 5263752495211972695, guid: d6903a110c7b48042ab7841d613fe4fb, type: 3}
      propertyPath: m_Layer
      value: 30
      objectReference: {fileID: 0}
    - target: {fileID: 5348607306609643832, guid: d6903a110c7b48042ab7841d613fe4fb, type: 3}
      propertyPath: m_RootOrder
      value: 3
      objectReference: {fileID: 0}
    - target: {fileID: 5348607306609643832, guid: d6903a110c7b48042ab7841d613fe4fb, type: 3}
      propertyPath: m_LocalScale.x
      value: 1
      objectReference: {fileID: 0}
    - target: {fileID: 5348607306609643832, guid: d6903a110c7b48042ab7841d613fe4fb, type: 3}
      propertyPath: m_LocalScale.y
      value: 1
      objectReference: {fileID: 0}
    - target: {fileID: 5348607306609643832, guid: d6903a110c7b48042ab7841d613fe4fb, type: 3}
      propertyPath: m_LocalScale.z
      value: 1
      objectReference: {fileID: 0}
    - target: {fileID: 5348607306609643832, guid: d6903a110c7b48042ab7841d613fe4fb, type: 3}
      propertyPath: m_LocalPosition.x
      value: 0.0222
      objectReference: {fileID: 0}
    - target: {fileID: 5348607306609643832, guid: d6903a110c7b48042ab7841d613fe4fb, type: 3}
      propertyPath: m_LocalPosition.y
      value: -0.0036
      objectReference: {fileID: 0}
    - target: {fileID: 5348607306609643832, guid: d6903a110c7b48042ab7841d613fe4fb, type: 3}
      propertyPath: m_LocalPosition.z
      value: -0.0626
      objectReference: {fileID: 0}
    - target: {fileID: 5348607306609643832, guid: d6903a110c7b48042ab7841d613fe4fb, type: 3}
      propertyPath: m_LocalRotation.w
      value: 0.4721602
      objectReference: {fileID: 0}
    - target: {fileID: 5348607306609643832, guid: d6903a110c7b48042ab7841d613fe4fb, type: 3}
      propertyPath: m_LocalRotation.x
      value: 0.65451366
      objectReference: {fileID: 0}
    - target: {fileID: 5348607306609643832, guid: d6903a110c7b48042ab7841d613fe4fb, type: 3}
      propertyPath: m_LocalRotation.y
      value: 0.1979936
      objectReference: {fileID: 0}
    - target: {fileID: 5348607306609643832, guid: d6903a110c7b48042ab7841d613fe4fb, type: 3}
      propertyPath: m_LocalRotation.z
      value: -0.556305
      objectReference: {fileID: 0}
    - target: {fileID: 5348607306609643832, guid: d6903a110c7b48042ab7841d613fe4fb, type: 3}
      propertyPath: m_LocalEulerAnglesHint.x
      value: 123.033005
      objectReference: {fileID: 0}
    - target: {fileID: 5348607306609643832, guid: d6903a110c7b48042ab7841d613fe4fb, type: 3}
      propertyPath: m_LocalEulerAnglesHint.y
      value: -263.171
      objectReference: {fileID: 0}
    - target: {fileID: 5348607306609643832, guid: d6903a110c7b48042ab7841d613fe4fb, type: 3}
      propertyPath: m_LocalEulerAnglesHint.z
      value: -330.775
      objectReference: {fileID: 0}
    - target: {fileID: 5966083087879169654, guid: d6903a110c7b48042ab7841d613fe4fb, type: 3}
      propertyPath: m_Layer
      value: 30
      objectReference: {fileID: 0}
    - target: {fileID: 6865006584827726881, guid: d6903a110c7b48042ab7841d613fe4fb, type: 3}
      propertyPath: m_Enabled
      value: 0
      objectReference: {fileID: 0}
    - target: {fileID: 6865006584827726881, guid: d6903a110c7b48042ab7841d613fe4fb, type: 3}
      propertyPath: m_Materials.Array.data[0]
      value: 
      objectReference: {fileID: 0}
    - target: {fileID: 7031590353138879164, guid: d6903a110c7b48042ab7841d613fe4fb, type: 3}
      propertyPath: m_Layer
      value: 30
      objectReference: {fileID: 0}
    - target: {fileID: 7842916151874048581, guid: d6903a110c7b48042ab7841d613fe4fb, type: 3}
      propertyPath: m_Name
      value: Fire_Energy (3)
      objectReference: {fileID: 0}
    - target: {fileID: 7842916151874048581, guid: d6903a110c7b48042ab7841d613fe4fb, type: 3}
      propertyPath: m_Layer
      value: 30
      objectReference: {fileID: 0}
    - target: {fileID: 7842916151874048581, guid: d6903a110c7b48042ab7841d613fe4fb, type: 3}
      propertyPath: m_IsActive
      value: 0
      objectReference: {fileID: 0}
    - target: {fileID: 8429415476410321393, guid: d6903a110c7b48042ab7841d613fe4fb, type: 3}
      propertyPath: m_Layer
      value: 30
      objectReference: {fileID: 0}
    m_RemovedComponents: []
  m_SourcePrefab: {fileID: 100100000, guid: d6903a110c7b48042ab7841d613fe4fb, type: 3}
--- !u!4 &7832355767293053517 stripped
Transform:
  m_CorrespondingSourceObject: {fileID: 5348607306609643832, guid: d6903a110c7b48042ab7841d613fe4fb, type: 3}
  m_PrefabInstance: {fileID: 2776482447200279413}
  m_PrefabAsset: {fileID: 0}
--- !u!1001 &3160315788600870586
PrefabInstance:
  m_ObjectHideFlags: 0
  serializedVersion: 2
  m_Modification:
    m_TransformParent: {fileID: 2500871140835756748}
    m_Modifications:
    - target: {fileID: 168606336227079425, guid: d6903a110c7b48042ab7841d613fe4fb, type: 3}
      propertyPath: m_Layer
      value: 30
      objectReference: {fileID: 0}
    - target: {fileID: 359637384871902322, guid: d6903a110c7b48042ab7841d613fe4fb, type: 3}
      propertyPath: m_Enabled
      value: 0
      objectReference: {fileID: 0}
    - target: {fileID: 359637384871902322, guid: d6903a110c7b48042ab7841d613fe4fb, type: 3}
      propertyPath: m_Materials.Array.data[0]
      value: 
      objectReference: {fileID: 0}
    - target: {fileID: 1060367788119204744, guid: d6903a110c7b48042ab7841d613fe4fb, type: 3}
      propertyPath: m_Layer
      value: 30
      objectReference: {fileID: 0}
    - target: {fileID: 1133917087419246178, guid: d6903a110c7b48042ab7841d613fe4fb, type: 3}
      propertyPath: m_Layer
      value: 30
      objectReference: {fileID: 0}
    - target: {fileID: 2064468340823333279, guid: d6903a110c7b48042ab7841d613fe4fb, type: 3}
      propertyPath: m_Layer
      value: 30
      objectReference: {fileID: 0}
    - target: {fileID: 3632136918522924095, guid: d6903a110c7b48042ab7841d613fe4fb, type: 3}
      propertyPath: m_Layer
      value: 30
      objectReference: {fileID: 0}
    - target: {fileID: 3773911753643885978, guid: d6903a110c7b48042ab7841d613fe4fb, type: 3}
      propertyPath: m_Layer
      value: 30
      objectReference: {fileID: 0}
    - target: {fileID: 4054747927916365133, guid: d6903a110c7b48042ab7841d613fe4fb, type: 3}
      propertyPath: m_Layer
      value: 30
      objectReference: {fileID: 0}
    - target: {fileID: 4746718617418239879, guid: d6903a110c7b48042ab7841d613fe4fb, type: 3}
      propertyPath: m_Layer
      value: 30
      objectReference: {fileID: 0}
    - target: {fileID: 5217924925840333789, guid: d6903a110c7b48042ab7841d613fe4fb, type: 3}
      propertyPath: m_Layer
      value: 30
      objectReference: {fileID: 0}
    - target: {fileID: 5261266145595919918, guid: d6903a110c7b48042ab7841d613fe4fb, type: 3}
      propertyPath: m_Layer
      value: 30
      objectReference: {fileID: 0}
    - target: {fileID: 5263752495211972695, guid: d6903a110c7b48042ab7841d613fe4fb, type: 3}
      propertyPath: m_Layer
      value: 30
      objectReference: {fileID: 0}
    - target: {fileID: 5348607306609643832, guid: d6903a110c7b48042ab7841d613fe4fb, type: 3}
      propertyPath: m_RootOrder
      value: 1
      objectReference: {fileID: 0}
    - target: {fileID: 5348607306609643832, guid: d6903a110c7b48042ab7841d613fe4fb, type: 3}
      propertyPath: m_LocalPosition.x
      value: 0.0222
      objectReference: {fileID: 0}
    - target: {fileID: 5348607306609643832, guid: d6903a110c7b48042ab7841d613fe4fb, type: 3}
      propertyPath: m_LocalPosition.y
      value: -0.0036
      objectReference: {fileID: 0}
    - target: {fileID: 5348607306609643832, guid: d6903a110c7b48042ab7841d613fe4fb, type: 3}
      propertyPath: m_LocalPosition.z
      value: -0.0626
      objectReference: {fileID: 0}
    - target: {fileID: 5348607306609643832, guid: d6903a110c7b48042ab7841d613fe4fb, type: 3}
      propertyPath: m_LocalRotation.w
      value: 0.4721602
      objectReference: {fileID: 0}
    - target: {fileID: 5348607306609643832, guid: d6903a110c7b48042ab7841d613fe4fb, type: 3}
      propertyPath: m_LocalRotation.x
      value: 0.65451366
      objectReference: {fileID: 0}
    - target: {fileID: 5348607306609643832, guid: d6903a110c7b48042ab7841d613fe4fb, type: 3}
      propertyPath: m_LocalRotation.y
      value: 0.1979936
      objectReference: {fileID: 0}
    - target: {fileID: 5348607306609643832, guid: d6903a110c7b48042ab7841d613fe4fb, type: 3}
      propertyPath: m_LocalRotation.z
      value: -0.556305
      objectReference: {fileID: 0}
    - target: {fileID: 5348607306609643832, guid: d6903a110c7b48042ab7841d613fe4fb, type: 3}
      propertyPath: m_LocalEulerAnglesHint.x
      value: 123.033005
      objectReference: {fileID: 0}
    - target: {fileID: 5348607306609643832, guid: d6903a110c7b48042ab7841d613fe4fb, type: 3}
      propertyPath: m_LocalEulerAnglesHint.y
      value: -263.171
      objectReference: {fileID: 0}
    - target: {fileID: 5348607306609643832, guid: d6903a110c7b48042ab7841d613fe4fb, type: 3}
      propertyPath: m_LocalEulerAnglesHint.z
      value: -330.775
      objectReference: {fileID: 0}
    - target: {fileID: 5966083087879169654, guid: d6903a110c7b48042ab7841d613fe4fb, type: 3}
      propertyPath: m_Layer
      value: 30
      objectReference: {fileID: 0}
    - target: {fileID: 6865006584827726881, guid: d6903a110c7b48042ab7841d613fe4fb, type: 3}
      propertyPath: m_Enabled
      value: 0
      objectReference: {fileID: 0}
    - target: {fileID: 6865006584827726881, guid: d6903a110c7b48042ab7841d613fe4fb, type: 3}
      propertyPath: m_Materials.Array.data[0]
      value: 
      objectReference: {fileID: 0}
    - target: {fileID: 7031590353138879164, guid: d6903a110c7b48042ab7841d613fe4fb, type: 3}
      propertyPath: m_Layer
      value: 30
      objectReference: {fileID: 0}
    - target: {fileID: 7842916151874048581, guid: d6903a110c7b48042ab7841d613fe4fb, type: 3}
      propertyPath: m_Name
      value: Fire_Energy (1)
      objectReference: {fileID: 0}
    - target: {fileID: 7842916151874048581, guid: d6903a110c7b48042ab7841d613fe4fb, type: 3}
      propertyPath: m_Layer
      value: 30
      objectReference: {fileID: 0}
    - target: {fileID: 7842916151874048581, guid: d6903a110c7b48042ab7841d613fe4fb, type: 3}
      propertyPath: m_IsActive
      value: 0
      objectReference: {fileID: 0}
    - target: {fileID: 8429415476410321393, guid: d6903a110c7b48042ab7841d613fe4fb, type: 3}
      propertyPath: m_Layer
      value: 30
      objectReference: {fileID: 0}
    m_RemovedComponents: []
  m_SourcePrefab: {fileID: 100100000, guid: d6903a110c7b48042ab7841d613fe4fb, type: 3}
--- !u!4 &7053094924066740098 stripped
Transform:
  m_CorrespondingSourceObject: {fileID: 5348607306609643832, guid: d6903a110c7b48042ab7841d613fe4fb, type: 3}
  m_PrefabInstance: {fileID: 3160315788600870586}
  m_PrefabAsset: {fileID: 0}
--- !u!1001 &5247308264771689798
PrefabInstance:
  m_ObjectHideFlags: 0
  serializedVersion: 2
  m_Modification:
    m_TransformParent: {fileID: 7943958496850735395}
    m_Modifications:
    - target: {fileID: -8679921383154817045, guid: a5c99a6b8d5b02148975cfdd912a8627, type: 3}
      propertyPath: m_RootOrder
      value: 2
      objectReference: {fileID: 0}
    - target: {fileID: -8679921383154817045, guid: a5c99a6b8d5b02148975cfdd912a8627, type: 3}
      propertyPath: m_LocalPosition.x
      value: -0.0269
      objectReference: {fileID: 0}
    - target: {fileID: -8679921383154817045, guid: a5c99a6b8d5b02148975cfdd912a8627, type: 3}
      propertyPath: m_LocalPosition.y
      value: -0.0307
      objectReference: {fileID: 0}
    - target: {fileID: -8679921383154817045, guid: a5c99a6b8d5b02148975cfdd912a8627, type: 3}
      propertyPath: m_LocalPosition.z
      value: -0.0318
      objectReference: {fileID: 0}
    - target: {fileID: -8679921383154817045, guid: a5c99a6b8d5b02148975cfdd912a8627, type: 3}
      propertyPath: m_LocalRotation.w
      value: -0.29509056
      objectReference: {fileID: 0}
    - target: {fileID: -8679921383154817045, guid: a5c99a6b8d5b02148975cfdd912a8627, type: 3}
      propertyPath: m_LocalRotation.x
      value: 0.80990446
      objectReference: {fileID: 0}
    - target: {fileID: -8679921383154817045, guid: a5c99a6b8d5b02148975cfdd912a8627, type: 3}
      propertyPath: m_LocalRotation.y
      value: 0.12580094
      objectReference: {fileID: 0}
    - target: {fileID: -8679921383154817045, guid: a5c99a6b8d5b02148975cfdd912a8627, type: 3}
      propertyPath: m_LocalRotation.z
      value: 0.49107072
      objectReference: {fileID: 0}
    - target: {fileID: -8679921383154817045, guid: a5c99a6b8d5b02148975cfdd912a8627, type: 3}
      propertyPath: m_LocalEulerAnglesHint.x
      value: -36.981
      objectReference: {fileID: 0}
    - target: {fileID: -8679921383154817045, guid: a5c99a6b8d5b02148975cfdd912a8627, type: 3}
      propertyPath: m_LocalEulerAnglesHint.y
      value: -244.52899
      objectReference: {fileID: 0}
    - target: {fileID: -8679921383154817045, guid: a5c99a6b8d5b02148975cfdd912a8627, type: 3}
      propertyPath: m_LocalEulerAnglesHint.z
      value: -173.816
      objectReference: {fileID: 0}
    - target: {fileID: -7511558181221131132, guid: a5c99a6b8d5b02148975cfdd912a8627, type: 3}
      propertyPath: m_Materials.Array.data[0]
      value: 
      objectReference: {fileID: 2100000, guid: 079581de675cc5e4b926046ff859f219, type: 2}
    - target: {fileID: 919132149155446097, guid: a5c99a6b8d5b02148975cfdd912a8627, type: 3}
      propertyPath: m_Name
      value: Reload_EnergyToBullets_VFXMesh_1 (1)
      objectReference: {fileID: 0}
    - target: {fileID: 919132149155446097, guid: a5c99a6b8d5b02148975cfdd912a8627, type: 3}
      propertyPath: m_Layer
      value: 30
      objectReference: {fileID: 0}
    - target: {fileID: 919132149155446097, guid: a5c99a6b8d5b02148975cfdd912a8627, type: 3}
      propertyPath: m_IsActive
      value: 0
      objectReference: {fileID: 0}
    m_RemovedComponents: []
  m_SourcePrefab: {fileID: 100100000, guid: a5c99a6b8d5b02148975cfdd912a8627, type: 3}
--- !u!4 &5717485125098109613 stripped
Transform:
  m_CorrespondingSourceObject: {fileID: -8679921383154817045, guid: a5c99a6b8d5b02148975cfdd912a8627, type: 3}
  m_PrefabInstance: {fileID: 5247308264771689798}
  m_PrefabAsset: {fileID: 0}
--- !u!1001 &6277929631214211373
PrefabInstance:
  m_ObjectHideFlags: 0
  serializedVersion: 2
  m_Modification:
    m_TransformParent: {fileID: 7943958496850735395}
    m_Modifications:
    - target: {fileID: -8679921383154817045, guid: a5c99a6b8d5b02148975cfdd912a8627, type: 3}
      propertyPath: m_RootOrder
      value: 1
      objectReference: {fileID: 0}
    - target: {fileID: -8679921383154817045, guid: a5c99a6b8d5b02148975cfdd912a8627, type: 3}
      propertyPath: m_LocalPosition.x
      value: 0.0226
      objectReference: {fileID: 0}
    - target: {fileID: -8679921383154817045, guid: a5c99a6b8d5b02148975cfdd912a8627, type: 3}
      propertyPath: m_LocalPosition.y
      value: -0.0457
      objectReference: {fileID: 0}
    - target: {fileID: -8679921383154817045, guid: a5c99a6b8d5b02148975cfdd912a8627, type: 3}
      propertyPath: m_LocalPosition.z
      value: -0.0154
      objectReference: {fileID: 0}
    - target: {fileID: -8679921383154817045, guid: a5c99a6b8d5b02148975cfdd912a8627, type: 3}
      propertyPath: m_LocalRotation.w
      value: -0.3379765
      objectReference: {fileID: 0}
    - target: {fileID: -8679921383154817045, guid: a5c99a6b8d5b02148975cfdd912a8627, type: 3}
      propertyPath: m_LocalRotation.x
      value: 0.6212813
      objectReference: {fileID: 0}
    - target: {fileID: -8679921383154817045, guid: a5c99a6b8d5b02148975cfdd912a8627, type: 3}
      propertyPath: m_LocalRotation.y
      value: 0.69608325
      objectReference: {fileID: 0}
    - target: {fileID: -8679921383154817045, guid: a5c99a6b8d5b02148975cfdd912a8627, type: 3}
      propertyPath: m_LocalRotation.z
      value: 0.12348904
      objectReference: {fileID: 0}
    - target: {fileID: -8679921383154817045, guid: a5c99a6b8d5b02148975cfdd912a8627, type: 3}
      propertyPath: m_LocalEulerAnglesHint.x
      value: -36.29
      objectReference: {fileID: 0}
    - target: {fileID: -8679921383154817045, guid: a5c99a6b8d5b02148975cfdd912a8627, type: 3}
      propertyPath: m_LocalEulerAnglesHint.y
      value: -156.835
      objectReference: {fileID: 0}
    - target: {fileID: -8679921383154817045, guid: a5c99a6b8d5b02148975cfdd912a8627, type: 3}
      propertyPath: m_LocalEulerAnglesHint.z
      value: -284.185
      objectReference: {fileID: 0}
    - target: {fileID: -7511558181221131132, guid: a5c99a6b8d5b02148975cfdd912a8627, type: 3}
      propertyPath: m_Materials.Array.data[0]
      value: 
      objectReference: {fileID: 2100000, guid: 079581de675cc5e4b926046ff859f219, type: 2}
    - target: {fileID: 919132149155446097, guid: a5c99a6b8d5b02148975cfdd912a8627, type: 3}
      propertyPath: m_Name
      value: Reload_EnergyToBullets_VFXMesh_1
      objectReference: {fileID: 0}
    - target: {fileID: 919132149155446097, guid: a5c99a6b8d5b02148975cfdd912a8627, type: 3}
      propertyPath: m_Layer
      value: 30
      objectReference: {fileID: 0}
    - target: {fileID: 919132149155446097, guid: a5c99a6b8d5b02148975cfdd912a8627, type: 3}
      propertyPath: m_IsActive
      value: 0
      objectReference: {fileID: 0}
    m_RemovedComponents: []
  m_SourcePrefab: {fileID: 100100000, guid: a5c99a6b8d5b02148975cfdd912a8627, type: 3}
--- !u!4 &5806572315564144326 stripped
Transform:
  m_CorrespondingSourceObject: {fileID: -8679921383154817045, guid: a5c99a6b8d5b02148975cfdd912a8627, type: 3}
  m_PrefabInstance: {fileID: 6277929631214211373}
  m_PrefabAsset: {fileID: 0}
--- !u!1001 &6307990178506533919
PrefabInstance:
  m_ObjectHideFlags: 0
  serializedVersion: 2
  m_Modification:
    m_TransformParent: {fileID: 2500871140835756748}
    m_Modifications:
    - target: {fileID: 168606336227079425, guid: d6903a110c7b48042ab7841d613fe4fb, type: 3}
      propertyPath: m_Layer
      value: 30
      objectReference: {fileID: 0}
    - target: {fileID: 359637384871902322, guid: d6903a110c7b48042ab7841d613fe4fb, type: 3}
      propertyPath: m_Enabled
      value: 0
      objectReference: {fileID: 0}
    - target: {fileID: 359637384871902322, guid: d6903a110c7b48042ab7841d613fe4fb, type: 3}
      propertyPath: m_Materials.Array.data[0]
      value: 
      objectReference: {fileID: 0}
    - target: {fileID: 1060367788119204744, guid: d6903a110c7b48042ab7841d613fe4fb, type: 3}
      propertyPath: m_Layer
      value: 30
      objectReference: {fileID: 0}
    - target: {fileID: 1133917087419246178, guid: d6903a110c7b48042ab7841d613fe4fb, type: 3}
      propertyPath: m_Layer
      value: 30
      objectReference: {fileID: 0}
    - target: {fileID: 2064468340823333279, guid: d6903a110c7b48042ab7841d613fe4fb, type: 3}
      propertyPath: m_Layer
      value: 30
      objectReference: {fileID: 0}
    - target: {fileID: 3632136918522924095, guid: d6903a110c7b48042ab7841d613fe4fb, type: 3}
      propertyPath: m_Layer
      value: 30
      objectReference: {fileID: 0}
    - target: {fileID: 3773911753643885978, guid: d6903a110c7b48042ab7841d613fe4fb, type: 3}
      propertyPath: m_Layer
      value: 30
      objectReference: {fileID: 0}
    - target: {fileID: 4054747927916365133, guid: d6903a110c7b48042ab7841d613fe4fb, type: 3}
      propertyPath: m_Layer
      value: 30
      objectReference: {fileID: 0}
    - target: {fileID: 4746718617418239879, guid: d6903a110c7b48042ab7841d613fe4fb, type: 3}
      propertyPath: m_Layer
      value: 30
      objectReference: {fileID: 0}
    - target: {fileID: 5217924925840333789, guid: d6903a110c7b48042ab7841d613fe4fb, type: 3}
      propertyPath: m_Layer
      value: 30
      objectReference: {fileID: 0}
    - target: {fileID: 5261266145595919918, guid: d6903a110c7b48042ab7841d613fe4fb, type: 3}
      propertyPath: m_Layer
      value: 30
      objectReference: {fileID: 0}
    - target: {fileID: 5263752495211972695, guid: d6903a110c7b48042ab7841d613fe4fb, type: 3}
      propertyPath: m_Layer
      value: 30
      objectReference: {fileID: 0}
    - target: {fileID: 5348607306609643832, guid: d6903a110c7b48042ab7841d613fe4fb, type: 3}
      propertyPath: m_RootOrder
      value: 2
      objectReference: {fileID: 0}
    - target: {fileID: 5348607306609643832, guid: d6903a110c7b48042ab7841d613fe4fb, type: 3}
      propertyPath: m_LocalPosition.x
      value: 0.0222
      objectReference: {fileID: 0}
    - target: {fileID: 5348607306609643832, guid: d6903a110c7b48042ab7841d613fe4fb, type: 3}
      propertyPath: m_LocalPosition.y
      value: -0.0036
      objectReference: {fileID: 0}
    - target: {fileID: 5348607306609643832, guid: d6903a110c7b48042ab7841d613fe4fb, type: 3}
      propertyPath: m_LocalPosition.z
      value: -0.0626
      objectReference: {fileID: 0}
    - target: {fileID: 5348607306609643832, guid: d6903a110c7b48042ab7841d613fe4fb, type: 3}
      propertyPath: m_LocalRotation.w
      value: 0.4721602
      objectReference: {fileID: 0}
    - target: {fileID: 5348607306609643832, guid: d6903a110c7b48042ab7841d613fe4fb, type: 3}
      propertyPath: m_LocalRotation.x
      value: 0.65451366
      objectReference: {fileID: 0}
    - target: {fileID: 5348607306609643832, guid: d6903a110c7b48042ab7841d613fe4fb, type: 3}
      propertyPath: m_LocalRotation.y
      value: 0.1979936
      objectReference: {fileID: 0}
    - target: {fileID: 5348607306609643832, guid: d6903a110c7b48042ab7841d613fe4fb, type: 3}
      propertyPath: m_LocalRotation.z
      value: -0.556305
      objectReference: {fileID: 0}
    - target: {fileID: 5348607306609643832, guid: d6903a110c7b48042ab7841d613fe4fb, type: 3}
      propertyPath: m_LocalEulerAnglesHint.x
      value: 123.033005
      objectReference: {fileID: 0}
    - target: {fileID: 5348607306609643832, guid: d6903a110c7b48042ab7841d613fe4fb, type: 3}
      propertyPath: m_LocalEulerAnglesHint.y
      value: -263.171
      objectReference: {fileID: 0}
    - target: {fileID: 5348607306609643832, guid: d6903a110c7b48042ab7841d613fe4fb, type: 3}
      propertyPath: m_LocalEulerAnglesHint.z
      value: -330.775
      objectReference: {fileID: 0}
    - target: {fileID: 5966083087879169654, guid: d6903a110c7b48042ab7841d613fe4fb, type: 3}
      propertyPath: m_Layer
      value: 30
      objectReference: {fileID: 0}
    - target: {fileID: 6865006584827726881, guid: d6903a110c7b48042ab7841d613fe4fb, type: 3}
      propertyPath: m_Enabled
      value: 0
      objectReference: {fileID: 0}
    - target: {fileID: 6865006584827726881, guid: d6903a110c7b48042ab7841d613fe4fb, type: 3}
      propertyPath: m_Materials.Array.data[0]
      value: 
      objectReference: {fileID: 0}
    - target: {fileID: 7031590353138879164, guid: d6903a110c7b48042ab7841d613fe4fb, type: 3}
      propertyPath: m_Layer
      value: 30
      objectReference: {fileID: 0}
    - target: {fileID: 7842916151874048581, guid: d6903a110c7b48042ab7841d613fe4fb, type: 3}
      propertyPath: m_Name
      value: Fire_Energy (2)
      objectReference: {fileID: 0}
    - target: {fileID: 7842916151874048581, guid: d6903a110c7b48042ab7841d613fe4fb, type: 3}
      propertyPath: m_Layer
      value: 30
      objectReference: {fileID: 0}
    - target: {fileID: 7842916151874048581, guid: d6903a110c7b48042ab7841d613fe4fb, type: 3}
      propertyPath: m_IsActive
      value: 0
      objectReference: {fileID: 0}
    - target: {fileID: 8429415476410321393, guid: d6903a110c7b48042ab7841d613fe4fb, type: 3}
      propertyPath: m_Layer
      value: 30
      objectReference: {fileID: 0}
    m_RemovedComponents: []
  m_SourcePrefab: {fileID: 100100000, guid: d6903a110c7b48042ab7841d613fe4fb, type: 3}
--- !u!4 &2139325979134147879 stripped
Transform:
  m_CorrespondingSourceObject: {fileID: 5348607306609643832, guid: d6903a110c7b48042ab7841d613fe4fb, type: 3}
  m_PrefabInstance: {fileID: 6307990178506533919}
  m_PrefabAsset: {fileID: 0}
--- !u!1001 &9218242758887716637
PrefabInstance:
  m_ObjectHideFlags: 0
  serializedVersion: 2
  m_Modification:
    m_TransformParent: {fileID: 2500871140835756748}
    m_Modifications:
    - target: {fileID: 168606336227079425, guid: d6903a110c7b48042ab7841d613fe4fb, type: 3}
      propertyPath: m_Layer
      value: 30
      objectReference: {fileID: 0}
    - target: {fileID: 359637384871902322, guid: d6903a110c7b48042ab7841d613fe4fb, type: 3}
      propertyPath: m_Enabled
      value: 0
      objectReference: {fileID: 0}
    - target: {fileID: 359637384871902322, guid: d6903a110c7b48042ab7841d613fe4fb, type: 3}
      propertyPath: m_Materials.Array.data[0]
      value: 
      objectReference: {fileID: 0}
    - target: {fileID: 1060367788119204744, guid: d6903a110c7b48042ab7841d613fe4fb, type: 3}
      propertyPath: m_Layer
      value: 30
      objectReference: {fileID: 0}
    - target: {fileID: 1133917087419246178, guid: d6903a110c7b48042ab7841d613fe4fb, type: 3}
      propertyPath: m_Layer
      value: 30
      objectReference: {fileID: 0}
    - target: {fileID: 2064468340823333279, guid: d6903a110c7b48042ab7841d613fe4fb, type: 3}
      propertyPath: m_Layer
      value: 30
      objectReference: {fileID: 0}
    - target: {fileID: 3632136918522924095, guid: d6903a110c7b48042ab7841d613fe4fb, type: 3}
      propertyPath: m_Layer
      value: 30
      objectReference: {fileID: 0}
    - target: {fileID: 3773911753643885978, guid: d6903a110c7b48042ab7841d613fe4fb, type: 3}
      propertyPath: m_Layer
      value: 30
      objectReference: {fileID: 0}
    - target: {fileID: 4054747927916365133, guid: d6903a110c7b48042ab7841d613fe4fb, type: 3}
      propertyPath: m_Layer
      value: 30
      objectReference: {fileID: 0}
    - target: {fileID: 4746718617418239879, guid: d6903a110c7b48042ab7841d613fe4fb, type: 3}
      propertyPath: m_Layer
      value: 30
      objectReference: {fileID: 0}
    - target: {fileID: 5217924925840333789, guid: d6903a110c7b48042ab7841d613fe4fb, type: 3}
      propertyPath: m_Layer
      value: 30
      objectReference: {fileID: 0}
    - target: {fileID: 5261266145595919918, guid: d6903a110c7b48042ab7841d613fe4fb, type: 3}
      propertyPath: m_Layer
      value: 30
      objectReference: {fileID: 0}
    - target: {fileID: 5263752495211972695, guid: d6903a110c7b48042ab7841d613fe4fb, type: 3}
      propertyPath: m_Layer
      value: 30
      objectReference: {fileID: 0}
    - target: {fileID: 5348607306609643832, guid: d6903a110c7b48042ab7841d613fe4fb, type: 3}
      propertyPath: m_RootOrder
      value: 0
      objectReference: {fileID: 0}
    - target: {fileID: 5348607306609643832, guid: d6903a110c7b48042ab7841d613fe4fb, type: 3}
      propertyPath: m_LocalPosition.x
      value: 0.029700367
      objectReference: {fileID: 0}
    - target: {fileID: 5348607306609643832, guid: d6903a110c7b48042ab7841d613fe4fb, type: 3}
      propertyPath: m_LocalPosition.y
      value: -0.016599689
      objectReference: {fileID: 0}
    - target: {fileID: 5348607306609643832, guid: d6903a110c7b48042ab7841d613fe4fb, type: 3}
      propertyPath: m_LocalPosition.z
      value: -0.057499167
      objectReference: {fileID: 0}
    - target: {fileID: 5348607306609643832, guid: d6903a110c7b48042ab7841d613fe4fb, type: 3}
      propertyPath: m_LocalRotation.w
      value: 0.62923366
      objectReference: {fileID: 0}
    - target: {fileID: 5348607306609643832, guid: d6903a110c7b48042ab7841d613fe4fb, type: 3}
      propertyPath: m_LocalRotation.x
      value: 0.50535977
      objectReference: {fileID: 0}
    - target: {fileID: 5348607306609643832, guid: d6903a110c7b48042ab7841d613fe4fb, type: 3}
      propertyPath: m_LocalRotation.y
      value: 0.33882168
      objectReference: {fileID: 0}
    - target: {fileID: 5348607306609643832, guid: d6903a110c7b48042ab7841d613fe4fb, type: 3}
      propertyPath: m_LocalRotation.z
      value: -0.48360774
      objectReference: {fileID: 0}
    - target: {fileID: 5348607306609643832, guid: d6903a110c7b48042ab7841d613fe4fb, type: 3}
      propertyPath: m_LocalEulerAnglesHint.x
      value: 105.487
      objectReference: {fileID: 0}
    - target: {fileID: 5348607306609643832, guid: d6903a110c7b48042ab7841d613fe4fb, type: 3}
      propertyPath: m_LocalEulerAnglesHint.y
      value: -193.514
      objectReference: {fileID: 0}
    - target: {fileID: 5348607306609643832, guid: d6903a110c7b48042ab7841d613fe4fb, type: 3}
      propertyPath: m_LocalEulerAnglesHint.z
      value: -265.388
      objectReference: {fileID: 0}
    - target: {fileID: 5966083087879169654, guid: d6903a110c7b48042ab7841d613fe4fb, type: 3}
      propertyPath: m_Layer
      value: 30
      objectReference: {fileID: 0}
    - target: {fileID: 6865006584827726881, guid: d6903a110c7b48042ab7841d613fe4fb, type: 3}
      propertyPath: m_Enabled
      value: 0
      objectReference: {fileID: 0}
    - target: {fileID: 6865006584827726881, guid: d6903a110c7b48042ab7841d613fe4fb, type: 3}
      propertyPath: m_Materials.Array.data[0]
      value: 
      objectReference: {fileID: 0}
    - target: {fileID: 7031590353138879164, guid: d6903a110c7b48042ab7841d613fe4fb, type: 3}
      propertyPath: m_Layer
      value: 30
      objectReference: {fileID: 0}
    - target: {fileID: 7842916151874048581, guid: d6903a110c7b48042ab7841d613fe4fb, type: 3}
      propertyPath: m_Name
      value: Fire_Energy
      objectReference: {fileID: 0}
    - target: {fileID: 7842916151874048581, guid: d6903a110c7b48042ab7841d613fe4fb, type: 3}
      propertyPath: m_Layer
      value: 30
      objectReference: {fileID: 0}
    - target: {fileID: 7842916151874048581, guid: d6903a110c7b48042ab7841d613fe4fb, type: 3}
      propertyPath: m_IsActive
      value: 0
      objectReference: {fileID: 0}
    - target: {fileID: 8429415476410321393, guid: d6903a110c7b48042ab7841d613fe4fb, type: 3}
      propertyPath: m_Layer
      value: 30
      objectReference: {fileID: 0}
    m_RemovedComponents: []
  m_SourcePrefab: {fileID: 100100000, guid: d6903a110c7b48042ab7841d613fe4fb, type: 3}
--- !u!4 &3879803744972924453 stripped
Transform:
  m_CorrespondingSourceObject: {fileID: 5348607306609643832, guid: d6903a110c7b48042ab7841d613fe4fb, type: 3}
  m_PrefabInstance: {fileID: 9218242758887716637}
  m_PrefabAsset: {fileID: 0}
